@article{ruder2008challenges,
  title={The challenges of family member caregiving: how the home health and hospice clinician can help at the end of life},
  author={Ruder, Shirley},
  journal={Home Healthcare Now},
  volume={26},
  number={2},
  pages={131--136},
  year={2008},
  publisher={LWW}
}
@misc{b119,
  title = {Assistive Technology Group (ATG) of Politecnico di Milano},
  howpublished = {http://www.atg.deib.polimi.it},
  year = {2015}
}
@misc{ref1,
	title = {Illustrations by Blausen Medical Communications},
}
@misc{ref2,
	title = {MediaTek Helio X20 - the worldâ€™s first mobile processor with Tri-Cluster CPU architecture and ten processing cores (Deca-core) and 30% less power consumption: http://mediatek-helio.com/x20/},
}
@mastersthesis{ref3,
	author    = {Diego Ulisse Pizzagalli, Simone Battaglia},
	title     = {Algoritmi per il riconoscimento automatico di eventi aritmici ed ischemici in segnali ECG},
	school    = {Politecnico di Milano},
	%type     = {Master Thesis},
	year      = {2009/2010},

}
@article{ref4,
	author  = {Maglaveras, Nicos et al},
	title   = {An adaptive backpropagation neural network for real-time ischemia episodes detection: development and performance analysis using the European ST-T database},
	year    = {1998},
	journal = {Biomedical Engineering, IEEE Transactions},
	volume  = {45},
	number  = {7},
	pages   = {805-813}
}